@online{beispiel,
	ALTauthor = {author},
	ALTeditor = {editor},
	title = {Beispiel Referenz},
	date = {1950-01-01},
	url = {http://my.example},
}

