@misc{ChatGPT,
title = 	 {ChatGPT},
year = 	 {2023},
url = {https://openai.com/blog/chatgpt/},
note = 	 {ChatGPT}
}
@misc{eecsberkely,
    title = 	 {eecs.berkely},
    year = 	 {2023},
    url = {https://www2.eecs.berkeley.edu/Research/Projects/CS/vision/grouping/resources.html#bsds500},
    note = 	 {Trainingsdaten}
}
@misc{GithubOrga,
    title = 	 {GithubOrga},
    year = 	 {2023},
    url = {https://github.com/studienarbeit-cnn-dhbwka-2022},
    note = 	 {GithubOrga}
}