%%%%%%%%%%%%%%%%%%%%%%%%%%%%%%%%%%%%%%%%%%%%%%%%%%%%%%%%%%%%%%%%%%%%%%%%%%%%%%%
%% Descr:       Vorlage für Berichte der DHBW-Karlsruhe, BibTeX
%% Author:      Prof. Dr. Jürgen Vollmer, vollmer AT dhbw-karlsruhe.de
%% $Id: bericht.bib,v 1.10 2016/03/16 12:27:42 vollmer draft $
%% -*- coding: utf-8 -*-
%%%%%%%%%%%%%%%%%%%%%%%%%%%%%%%%%%%%%%%%%%%%%%%%%%%%%%%%%%%%%%%%%%%%%%%%%%%%%%%
@book{burger2009digitale,
  title={Digitale Bildverarbeitung: Eine Algorithmische Einf{\"u}hrung Mit Java},
  author={Burger, Wilhelm and Burge, Mark James},
  year={2009},
  publisher={Springer-Verlag}
  %https://books.google.de/books?hl=de&lr=&id=U-lICAAAQBAJ&oi=fnd&pg=PR5&dq=Einf%C3%BChrung+in+die+digitale+Bildverarbeitung&ots=0yfIFO8ZI-&sig=1qHZzVvLMu6BqqPyFok0p5rw4fQ#v=onepage&q=Einf%C3%BChrung%20in%20die%20digitale%20Bildverarbeitung&f=false
}
@techreport{boutellpng,
  title={PNG (Portable Network Graphics Format) Version 1.0},
  author={Boutell, Thomas and others},
  institution={RFC 2083}
  %Zitat zu PNG = Portable Network Graphics Format 
}
@techreport{boutell1997png,
  title={Png (portable network graphics) specification version 1.0},
  author={Boutell, Thomas},
  year={1997}
  %https://www.hjp.at/doc/rfc/rfc2083.html
}
@article{burger2015digitale,
  title={Digitale Bilder},
  author={Burger, Wilhelm and Burge, Mark James and Burger, Wilhelm and Burge, Mark James},
  journal={Digitale Bildverarbeitung: Eine algorithmische Einf{\"u}hrung mit Java},
  pages={1--24},
  year={2015},
  publisher={Springer}
  %https://link.springer.com/chapter/10.1007/978-3-642-04604-9_1
}
@article{roelofs1997linux,
  title={Linux gazette: history of the portable network graphics (png) format},
  author={Roelofs, Greg},
  journal={Linux Journal},
  volume={1997},
  number={36es},
  pages={19--es},
  year={1997},
  publisher={Belltown Media Houston, TX}
  %https://dl.acm.org/doi/fullHtml/10.5555/326832.326851
}
@misc{w3c_png,
  author = "{W3C}",
  title = "{Portable Network Graphics (PNG) Specification (Second Edition)}",
  howpublished = {\url{https://www.w3.org/TR/png/}},
  year = {2003},
  note = {Accessed: March 9, 2023}
  %https://www.w3.org/TR/png/
}
@article{quint2003scalable,
  title={Scalable vector graphics},
  author={Quint, Antoine},
  journal={IEEE MultiMedia},
  volume={10},
  number={3},
  pages={99--102},
  year={2003},
  publisher={IEEE}
  %https://ieeexplore.ieee.org/abstract/document/1218261
}
@misc{mdn_svg,
  author = "{Mozilla Contributors}",
  title = "{SVG (Scalable Vector Graphics)}",
  howpublished = {\url{https://developer.mozilla.org/en-US/docs/Web/SVG}},
  year = {n.d.},
  note = {Accessed: March 9, 2023}
  %https://developer.mozilla.org/en-US/docs/Web/SVG
}
@book{book:729077,
  title =     {SVG. Scalable Vector Graphics.: Praxiswegweiser und Referenz für den neuen Vektorgrafikstandard. Für Fortgeschrittene.  },
  author =    {Iris Fibinger},
  publisher = {Markt+Technik-Verl.},
  isbn =      {3827262399,9783827262394},
  year =      {2002},
  series =    {},
  edition =   {},
  volume =    {},
  url =       {http://gen.lib.rus.ec/book/index.php?md5=1a655693c0779b14c519078151dfdf31}
  %https://sci-hub.st/10.1109/MMUL.2003.1218261
}
@misc{ionos_file_formats,
  author = "{IONOS}",
  title = "{Graphic File Formats: Which Formats Are Important?}",
  howpublished = {\url{https://www.ionos.com/digitalguide/websites/web-design/graphic-file-formats-which-formats-are-important/}},
  year = {n.d.},
  note = {Accessed: March 9, 2023}
  %https://www.ionos.com/digitalguide/websites/web-design/graphic-file-formats-which-formats-are-important/
}
@misc{prepressure_file_formats,
  author = "Prepressure",
  title = "{Prepressure Library: File Formats}",
  howpublished = {\url{https://www.prepressure.com/library/file-formats/}},
  year = {n.d.},
  note = {Accessed: March 9, 2023}
  %https://www.prepressure.com/library/file-formats
}
@misc{elsevier_artwork,
  author = "{Elsevier}",
  title = "{Artwork and media instructions}",
  howpublished = {\url{https://www.elsevier.com/authors/policies-and-guidelines/artwork-and-media-instructions/artwork-overview}},
  year = {n.d.},
  note = {Accessed: March 9, 2023}
  %https://www.elsevier.com/authors/policies-and-guidelines/artwork-and-media-instructions/artwork-overview
  %TODO einbinden
}
@misc{britannica_jpeg,
  author = "{Encyclopedia Britannica}",
  title = "{JPEG}",
  howpublished = {\url{https://www.britannica.com/technology/JPEG}},
  year = {n.d.},
  note = {Accessed: March 9, 2023}
  %https://www.britannica.com/technology/JPEG
  %TODO einbauen
}
@inproceedings{marcellin2000overview,
  title={An overview of JPEG-2000},
  author={Marcellin, Michael W and Gormish, Michael J and Bilgin, Ali and Boliek, Martin P},
  booktitle={Proceedings DCC 2000. Data Compression Conference},
  pages={523--541},
  year={2000},
  organization={IEEE}
  %https://ieeexplore.ieee.org/abstract/document/838192
  %TODO einbauen
}
@article{rabbani2002overview,
  title={An overview of the JPEG 2000 still image compression standard},
  author={Rabbani, Majid and Joshi, Rajan},
  journal={Signal processing: Image communication},
  volume={17},
  number={1},
  pages={3--48},
  year={2002},
  publisher={Elsevier}
  %https://www.sciencedirect.com/science/article/pii/S0923596501000248
  %TODO einbauen
}















%Template-stuff:
%%%%
%%  declararion of abbreviations
%%%%
@STRING{addison		= "Addison-Wesley"}

%%%%%%%%%%%%%%%%%%%%%%%%%%%%%%%%%%%%%%%%%%%%%%%%%%%%%%%%%%%%%%%%%%%%%%%%%%%%%%%

@BOOK{knuth.1984a,
  AUTHOR		= "Knuth, Donald E.",
  TITLE		= "The \TeX{}book",
  PUBLISHER	= addison,
  YEAR		= 1984
}

@BOOK{lamport.1995a,
  AUTHOR		= "Lamport, Leslie",
  TITLE		= "Das \LaTeX\ Handbuch",
  PUBLISHER	= addison,
  YEAR		= 1995
}

%%%%%%%%%%%%%%%%%%%%%%%%%%%%%%%%%%%%%%%%%%%%%%%%%%%%%%%%%%%%%%%%%%%%%%%%%%%%%%%

% Referenzieren von URL's
@MISC{dante.2010a,
  AUTHOR	= "Dante",
  TITLE		= "Webseite der \emph{Deutschsprachige Anwendervereinigung TeX e.V.}",
  HOWPUBLISHED 	= "\url{http://www.dante.de}",
  YEAR		= 2010,
  MONTH		= jan
}


@MISC{techlib.scaling,
  AUTHOR	= "Tech-Lib",
  TITLE		= "Image Scaling Definition",
  HOWPUBLISHED 	= "\url{http://www.dante.de}",
  YEAR		= 2020,
}


@MISC{abcdef.scaling,
  AUTHOR	= "Wikipedia Contributors",
  TITLE		= "Bildskalierung Definition",
  HOWPUBLISHED 	= "\url{https://en.wikipedia.org/wiki/Image_scaling}",
  YEAR		= 2023,
}


@MISC{nasa.bluedot,
  AUTHOR	= "NASA/JPL-Caltech",
  TITLE		= "The Pale Blue Dot is a photograph of Earth taken Feb. 14, 1990, by NASA’s Voyager 1 at a distance of 6 billion kilometers from the Sun. The image inspired the title of scientist Carl Sagan's book, ''Pale Blue Dot: A Vision of the Human Future in Space,`` in which he wrote: ''Look again at that dot. That's here. That's home. That's us.``.",
  HOWPUBLISHED 	= "\url{https://solarsystem.nasa.gov/resources/536/voyager-1s-pale-blue-dot/}",
  YEAR		= 1990,
  MONTH       = feb,
}


@MISC{whuber.lanczos,
  AUTHOR	= "whuber",
  TITLE		= "What is Lanczos resampling?",
  HOWPUBLISHED 	= "\url{https://gis.stackexchange.com/a/14361}",
  YEAR		= 2011,
  MONTH = sep,
}


%%%%%%%%%%%%%%%%%%%%%%%%%%%%%%%%%%%%%%%%%%%%%%%%%%%%%%%%%%%%%%%%%%%%%%%%%%%%%%%
